<record><leader>00000cas a22000007a 4500</leader><controlfield tag="001">21053470</controlfield><controlfield tag="007">hd afu---buca</controlfield><controlfield tag="008">900212d18311832ctuwr n a     0   a0eng d</controlfield><datafield ind1=" " ind2=" " tag="010"><subfield code="a">sn 90024247 </subfield></datafield><datafield ind1=" " ind2=" " tag="040"><subfield code="a">VA@</subfield><subfield code="b">eng</subfield><subfield code="c">VA@</subfield><subfield code="d">HUL</subfield><subfield code="d">NST</subfield><subfield code="d">BOS</subfield><subfield code="d">OCLCQ</subfield><subfield code="d">OCLCO</subfield><subfield code="d">OCLCF</subfield><subfield code="d">OCLCQ</subfield></datafield><datafield ind1=" " ind2=" " tag="012"><subfield code="i">9004</subfield></datafield><datafield ind1=" " ind2=" " tag="042"><subfield code="a">msc</subfield></datafield><datafield ind1=" " ind2=" " tag="043"><subfield code="a">n-us-ct</subfield></datafield><datafield ind1=" " ind2="4" tag="050"><subfield code="a">BR1</subfield><subfield code="b">.R44</subfield></datafield><datafield ind1="0" ind2=" " tag="130"><subfield code="a">Religious messenger (Norwich, Conn.)</subfield></datafield><datafield ind1="1" ind2="0" tag="245"><subfield code="a">Religious messenger.</subfield></datafield><datafield ind1=" " ind2=" " tag="260"><subfield code="a">Norwich, Ct. :</subfield><subfield code="b">J. Dunham,</subfield><subfield code="c">1831-1832.</subfield></datafield><datafield ind1=" " ind2=" " tag="300"><subfield code="a">2 volumes :</subfield><subfield code="b">illustrations</subfield></datafield><datafield ind1=" " ind2=" " tag="310"><subfield code="a">Weekly</subfield></datafield><datafield ind1=" " ind2=" " tag="336"><subfield code="a">text</subfield><subfield code="b">txt</subfield><subfield code="2">rdacontent</subfield></datafield><datafield ind1=" " ind2=" " tag="337"><subfield code="a">microform</subfield><subfield code="b">h</subfield><subfield code="2">rdamedia</subfield></datafield><datafield ind1=" " ind2=" " tag="338"><subfield code="a">microfilm reel</subfield><subfield code="b">hd</subfield><subfield code="2">rdacarrier</subfield></datafield><datafield ind1="0" ind2=" " tag="362"><subfield code="a">Vol. 1, no. 1 (June 11, 1831)-v. 2, no. 14 (Sept. 8, 1832).</subfield></datafield><datafield ind1=" " ind2=" " tag="500"><subfield code="a">Title from caption.</subfield></datafield><datafield ind1=" " ind2=" " tag="533"><subfield code="a">Microfilm.</subfield><subfield code="b">New Canaan, Ct. :</subfield><subfield code="c">Readex Microprint Corp.,</subfield><subfield code="d">19--?-</subfield><subfield code="e">1 microfilm reel ; 35 mm.</subfield><subfield code="f">(Early American newspapers).</subfield></datafield><datafield ind1=" " ind2="0" tag="651"><subfield code="a">Norwich (Conn.)</subfield><subfield code="v">Newspapers.</subfield></datafield><datafield ind1=" " ind2="7" tag="651"><subfield code="a">Connecticut</subfield><subfield code="z">Norwich.</subfield><subfield code="2">fast</subfield><subfield code="0">(OCoLC)fst01216259</subfield></datafield><datafield ind1=" " ind2="7" tag="655"><subfield code="a">Newspapers.</subfield><subfield code="2">fast</subfield><subfield code="0">(OCoLC)fst01423814</subfield></datafield><datafield ind1=" " ind2=" " tag="752"><subfield code="a">United States</subfield><subfield code="b">Connecticut</subfield><subfield code="d">Norwich.</subfield></datafield><datafield ind1=" " ind2=" " tag="850"><subfield code="a">MH</subfield><subfield code="a">TU</subfield></datafield><datafield ind1="1" ind2=" " tag="029"><subfield code="a">AU@</subfield><subfield code="b">000007432322</subfield></datafield></record>